@misc{karpathy,
  author = {Karpathy, Andrej},
  year = 2015,
  title = {The Unreasonable Effectiveness of Recurrent Neural Networks},
  published = {2015-05-21},
  url = {https://karpathy.github.io/2015/05/21/rnn-effectiveness/},
  urldate = {2022-12-09}
}

@misc{bahdanau,
  doi = {10.48550/ARXIV.1409.0473},
  
  url = {https://arxiv.org/abs/1409.0473},
  
  author = {Bahdanau, Dzmitry and Cho, Kyunghyun and Bengio, Yoshua},
  
  keywords = {Computation and Language (cs.CL), Machine Learning (cs.LG), Neural and Evolutionary Computing (cs.NE), Machine Learning (stat.ML), FOS: Computer and information sciences, FOS: Computer and information sciences},
  
  title = {Neural Machine Translation by Jointly Learning to Align and Translate},
  
  publisher = {arXiv},
  
  year = {2014},
  
  copyright = {arXiv.org perpetual, non-exclusive license}
}

@inproceedings{original-enc-dec,
    title = "Learning Phrase Representations using {RNN} Encoder{--}Decoder for Statistical Machine Translation",
    author = {Cho, Kyunghyun  and
      van Merri{\"e}nboer, Bart  and
      Gulcehre, Caglar  and
      Bahdanau, Dzmitry  and
      Bougares, Fethi  and
      Schwenk, Holger  and
      Bengio, Yoshua},
    booktitle = "Proceedings of the 2014 Conference on Empirical Methods in Natural Language Processing ({EMNLP})",
    month = oct,
    year = "2014",
    address = "Doha, Qatar",
    publisher = "Association for Computational Linguistics",
    url = "https://aclanthology.org/D14-1179",
    doi = "10.3115/v1/D14-1179",
    pages = "1724--1734",
}

@misc{gpt3,
  doi = {10.48550/ARXIV.2005.14165},
  
  url = {https://arxiv.org/abs/2005.14165},
  
  author = {Brown, Tom B. and Mann, Benjamin and Ryder, Nick and Subbiah, Melanie and Kaplan, Jared and Dhariwal, Prafulla and Neelakantan, Arvind and Shyam, Pranav and Sastry, Girish and Askell, Amanda and Agarwal, Sandhini and Herbert-Voss, Ariel and Krueger, Gretchen and Henighan, Tom and Child, Rewon and Ramesh, Aditya and Ziegler, Daniel M. and Wu, Jeffrey and Winter, Clemens and Hesse, Christopher and Chen, Mark and Sigler, Eric and Litwin, Mateusz and Gray, Scott and Chess, Benjamin and Clark, Jack and Berner, Christopher and McCandlish, Sam and Radford, Alec and Sutskever, Ilya and Amodei, Dario},
  
  keywords = {Computation and Language (cs.CL), FOS: Computer and information sciences, FOS: Computer and information sciences},
  
  title = {Language Models are Few-Shot Learners},
  
  publisher = {arXiv},
  
  year = {2020},
  
  copyright = {arXiv.org perpetual, non-exclusive license}
}

@misc{transformers,
  doi = {10.48550/ARXIV.1706.03762},
  
  url = {https://arxiv.org/abs/1706.03762},
  
  author = {Vaswani, Ashish and Shazeer, Noam and Parmar, Niki and Uszkoreit, Jakob and Jones, Llion and Gomez, Aidan N. and Kaiser, Lukasz and Polosukhin, Illia},
  
  keywords = {Computation and Language (cs.CL), Machine Learning (cs.LG), FOS: Computer and information sciences, FOS: Computer and information sciences},
  
  title = {Attention Is All You Need},
  
  publisher = {arXiv},
  
  year = {2017},
  
  copyright = {arXiv.org perpetual, non-exclusive license}
}

@misc{bert,
  doi = {10.48550/ARXIV.1810.04805},
  
  url = {https://arxiv.org/abs/1810.04805},
  
  author = {Devlin, Jacob and Chang, Ming-Wei and Lee, Kenton and Toutanova, Kristina},
  
  keywords = {Computation and Language (cs.CL), FOS: Computer and information sciences, FOS: Computer and information sciences},
  
  title = {BERT: Pre-training of Deep Bidirectional Transformers for Language Understanding},
  
  publisher = {arXiv},
  
  year = {2018},
  
  copyright = {arXiv.org perpetual, non-exclusive license}
}


@misc{bart,
  doi = {10.48550/ARXIV.1910.13461},
  
  url = {https://arxiv.org/abs/1910.13461},
  
  author = {Lewis, Mike and Liu, Yinhan and Goyal, Naman and Ghazvininejad, Marjan and Mohamed, Abdelrahman and Levy, Omer and Stoyanov, Ves and Zettlemoyer, Luke},
  
  keywords = {Computation and Language (cs.CL), Machine Learning (cs.LG), Machine Learning (stat.ML), FOS: Computer and information sciences, FOS: Computer and information sciences},
  
  title = {BART: Denoising Sequence-to-Sequence Pre-training for Natural Language Generation, Translation, and Comprehension},
  
  publisher = {arXiv},
  
  year = {2019},
  
  copyright = {arXiv.org perpetual, non-exclusive license}
}

@article{abstractive-text,
  doi = {10.48550/ARXIV.1602.06023},
  
  url = {https://arxiv.org/abs/1602.06023},
  
  author = {Nallapati, Ramesh and Zhou, Bowen and santos, Cicero Nogueira dos and Gulcehre, Caglar and Xiang, Bing},
  
  keywords = {Computation and Language (cs.CL), FOS: Computer and information sciences, FOS: Computer and information sciences},
  
  title = {Abstractive Text Summarization Using Sequence-to-Sequence RNNs and Beyond},
  
  publisher = {arXiv},
  
  year = {2016},
  
  copyright = {arXiv.org perpetual, non-exclusive license}
}

@inproceedings{luong,
    title = "Effective Approaches to Attention-based Neural Machine Translation",
    author = "Luong, Thang  and
      Pham, Hieu  and
      Manning, Christopher D.",
    booktitle = "Proceedings of the 2015 Conference on Empirical Methods in Natural Language Processing",
    month = sep,
    year = "2015",
    address = "Lisbon, Portugal",
    publisher = "Association for Computational Linguistics",
    url = "https://aclanthology.org/D15-1166",
    doi = "10.18653/v1/D15-1166",
    pages = "1412--1421",
}

@misc{abs-improve,
  doi = {10.48550/ARXIV.1708.00625},
  
  url = {https://arxiv.org/abs/1708.00625},
  
  author = {Li, Piji and Lam, Wai and Bing, Lidong and Wang, Zihao},
  
  keywords = {Computation and Language (cs.CL), Artificial Intelligence (cs.AI), FOS: Computer and information sciences, FOS: Computer and information sciences},
  
  title = {Deep Recurrent Generative Decoder for Abstractive Text Summarization},
  
  publisher = {arXiv},
  
  year = {2017},
  
  copyright = {arXiv.org perpetual, non-exclusive license}
}

@article{cnn-abs,
author = {Zhang, Yong and Li, Dan and Wang, Yuheng and Fang, Yang and Xiao, Weidong},
year = {2019},
month = {04},
pages = {1665},
title = {Abstract Text Summarization with a Convolutional Seq2seq Model},
volume = {9},
journal = {Applied Sciences},
doi = {10.3390/app9081665}
}

@ARTICLE{gan,
  author={Yang, Min and Li, Chengming and Shen, Ying and Wu, Qingyao and Zhao, Zhou and Chen, Xiaojun},
  journal={IEEE Transactions on Neural Networks and Learning Systems}, 
  title={Hierarchical Human-Like Deep Neural Networks for Abstractive Text Summarization}, 
  year={2021},
  volume={32},
  number={6},
  pages={2744-2757},
  doi={10.1109/TNNLS.2020.3008037}
}

@unknown{overview,
author = {Yadav, Divakar and Desai, Jalpa and Yadav, Arun Kumar},
year = {2022},
month = {03},
pages = {},
title = {Automatic Text Summarization Methods: A Comprehensive Review}
}

@misc{gru,
  doi = {10.48550/ARXIV.1409.1259},
  
  url = {https://arxiv.org/abs/1409.1259},
  
  author = {Cho, Kyunghyun and van Merrienboer, Bart and Bahdanau, Dzmitry and Bengio, Yoshua},
  
  keywords = {Computation and Language (cs.CL), Machine Learning (stat.ML), FOS: Computer and information sciences, FOS: Computer and information sciences},
  
  title = {On the Properties of Neural Machine Translation: Encoder-Decoder Approaches},
  
  publisher = {arXiv},
  
  year = {2014},
  
  copyright = {arXiv.org perpetual, non-exclusive license}
}

@misc{degen,
  doi = {10.48550/ARXIV.1904.09751},
  
  url = {https://arxiv.org/abs/1904.09751},
  
  author = {Holtzman, Ari and Buys, Jan and Du, Li and Forbes, Maxwell and Choi, Yejin},
  
  keywords = {Computation and Language (cs.CL), FOS: Computer and information sciences, FOS: Computer and information sciences},
  
  title = {The Curious Case of Neural Text Degeneration},
  
  publisher = {arXiv},
  
  year = {2019},
  
  copyright = {arXiv.org perpetual, non-exclusive license}
}

@inproceedings{rouge,
    title = "{ROUGE}: A Package for Automatic Evaluation of Summaries",
    author = "Lin, Chin-Yew",
    booktitle = "Text Summarization Branches Out",
    month = jul,
    year = "2004",
    address = "Barcelona, Spain",
    publisher = "Association for Computational Linguistics",
    url = "https://aclanthology.org/W04-1013",
    pages = "74--81",
}